<?xml version="1.0" encoding="UTF-8"?><collection xmlns="http://www.loc.gov/MARC21/slim"><record><leader>00337nam--2200121-i-4500</leader><controlfield tag="001">000025338</controlfield><controlfield tag="002">20161230</controlfield><controlfield tag="005">20161230201035</controlfield><controlfield tag="008">060222s1000------------r-----000-0-eng-d</controlfield><datafield ind1=" " ind2=" " tag="080"><subfield code="a">061.62(44):001.891(047.1:058):539.1(047.1:058)</subfield></datafield><datafield ind1=" " ind2=" " tag="245"><subfield code="a">Insttitut de physique nucleaire. annuaire:1971</subfield></datafield><datafield ind1=" " ind2=" " tag="260"><subfield code="a">Paris, Universite, 1964</subfield></datafield><datafield ind1=" " ind2=" " tag="852"><subfield code="a">22648</subfield></datafield></record></collection>